@phdthesis{马立杰2007DEA,
  title={DEA理论及应用研究},
  author={马立杰},
  school={山东大学},
  year={2007},
}

@article{谭清美2019基于,
  title={基于DEA模型的中国足球协会超级联赛俱乐部效率研究},
  author={谭清美 and 尹君},
  journal={数学的实践与认识},
  volume={49},
  number={14},
  pages={9},
  year={2019},
}
@book{2010数据包络分析模型与方法,
  author         = {马占新},
  editor         = {},
  publisher      = {科学出版社},
  title          = {数据包络分析模型与方法},
  year           = {2010}
}
